@article{vershik,
  title={ A New Approach to the Representation Theory of the Symmetric Groups. II.},
  author={A.M. Vershik, A.Y. Okounkov},
  journal={J Math Sci},
  volume={131},
  pages={5471â€“-5494},
  year={2005},
  howpublished={https://doi.org/10.1007/s10958-005-0421-7},
}

@book{riehl,
  title     = {Category Theory in Context},
  author    = {Emily Riehl},
  isbn      = {978-0486809038},
  year      = {2016},
  publisher = {Dover Publications},
  url       = {https://math.jhu.edu/~eriehl/context/}
}

@online{wiki-tensor,
  url     = {https://en.wikipedia.org/wiki/Tensor_product_of_modules#Modules_over_commutative_rings},
  author  = {Wikipedia},
  title   = {Tensor product of modules},
  urldate = {2021-12-22}
}

